<?xml version="1.0" encoding="UTF-8"?><record xmlns="http://www.loc.gov/MARC21/slim" xmlns:cinclude="http://apache.org/cocoon/include/1.0" xmlns:zs="http://www.loc.gov/zing/srw/">
  <leader>00491cz  a2200157n  4500</leader>
  <controlfield tag="001">n  94118641 </controlfield>
  <controlfield tag="003">DLC</controlfield>
  <controlfield tag="005">20020209072125.0</controlfield>
  <controlfield tag="008">941209n| acannaabn          |a aaa      </controlfield>
  <datafield tag="010" ind1=" " ind2=" ">
    <subfield code="a">n  94118641 </subfield>
  </datafield>
  <datafield tag="035" ind1=" " ind2=" ">
    <subfield code="a">(OCoLC)oca03736557</subfield>
  </datafield>
  <datafield tag="040" ind1=" " ind2=" ">
    <subfield code="a">DLC</subfield>
    <subfield code="b">eng</subfield>
    <subfield code="c">DLC</subfield>
    <subfield code="d">DLC</subfield>
    <subfield code="d">OCoLC</subfield>
  </datafield>
  <datafield tag="053" ind1=" " ind2="0">
    <subfield code="a">PL4378.9.T6926</subfield>
  </datafield>
  <datafield tag="100" ind1="1" ind2=" ">
    <subfield code="a">Trần, Xuân Ngà,</subfield>
    <subfield code="d">1935-</subfield>
  </datafield>
  <datafield tag="400" ind1="0" ind2=" ">
    <subfield code="a">Trần Xuân Ngà,</subfield>
    <subfield code="d">1935-</subfield>
  </datafield>
  <datafield tag="670" ind1=" " ind2=" ">
    <subfield code="a">His Sau nửa chiều năm ấy, 1993:</subfield>
    <subfield code="b">t.p. (Trần Xuân Ngà) cover p. 4 (b. 1935)</subfield>
  </datafield>
</record>